%YAML 1.1
%TAG !u! tag:unity3d.com,2011:
--- !u!1 &3892675081926159389
GameObject:
  m_ObjectHideFlags: 0
  m_CorrespondingSourceObject: {fileID: 0}
  m_PrefabInstance: {fileID: 0}
  m_PrefabAsset: {fileID: 0}
  serializedVersion: 6
  m_Component:
  - component: {fileID: 1168505198727123124}
  - component: {fileID: 1312466747218615826}
  m_Layer: 7
  m_Name: Marker
  m_TagString: Untagged
  m_Icon: {fileID: 0}
  m_NavMeshLayer: 0
  m_StaticEditorFlags: 0
  m_IsActive: 1
--- !u!4 &1168505198727123124
Transform:
  m_ObjectHideFlags: 0
  m_CorrespondingSourceObject: {fileID: 0}
  m_PrefabInstance: {fileID: 0}
  m_PrefabAsset: {fileID: 0}
  m_GameObject: {fileID: 3892675081926159389}
  m_LocalRotation: {x: 0.7071068, y: 0, z: 0, w: 0.7071068}
  m_LocalPosition: {x: 0, y: 0, z: 0}
  m_LocalScale: {x: 3, y: 3, z: 3}
  m_Children: []
  m_Father: {fileID: 4883556441089161062}
  m_RootOrder: 2
  m_LocalEulerAnglesHint: {x: 90, y: 0, z: 0}
--- !u!212 &1312466747218615826
SpriteRenderer:
  m_ObjectHideFlags: 0
  m_CorrespondingSourceObject: {fileID: 0}
  m_PrefabInstance: {fileID: 0}
  m_PrefabAsset: {fileID: 0}
  m_GameObject: {fileID: 3892675081926159389}
  m_Enabled: 1
  m_CastShadows: 0
  m_ReceiveShadows: 0
  m_DynamicOccludee: 1
  m_MotionVectors: 1
  m_LightProbeUsage: 1
  m_ReflectionProbeUsage: 1
  m_RayTracingMode: 0
  m_RayTraceProcedural: 0
  m_RenderingLayerMask: 1
  m_RendererPriority: 0
  m_Materials:
  - {fileID: 10754, guid: 0000000000000000f000000000000000, type: 0}
  m_StaticBatchInfo:
    firstSubMesh: 0
    subMeshCount: 0
  m_StaticBatchRoot: {fileID: 0}
  m_ProbeAnchor: {fileID: 0}
  m_LightProbeVolumeOverride: {fileID: 0}
  m_ScaleInLightmap: 1
  m_ReceiveGI: 1
  m_PreserveUVs: 0
  m_IgnoreNormalsForChartDetection: 0
  m_ImportantGI: 0
  m_StitchLightmapSeams: 1
  m_SelectedEditorRenderState: 0
  m_MinimumChartSize: 4
  m_AutoUVMaxDistance: 0.5
  m_AutoUVMaxAngle: 89
  m_LightmapParameters: {fileID: 0}
  m_SortingLayerID: 0
  m_SortingLayer: 0
  m_SortingOrder: 0
  m_Sprite: {fileID: 21300000, guid: 65ab7d9d6a0d269488a3101fa5b352fe, type: 3}
  m_Color: {r: 0.6603774, g: 0, b: 0, a: 1}
  m_FlipX: 0
  m_FlipY: 0
  m_DrawMode: 0
  m_Size: {x: 0.36, y: 0.36}
  m_AdaptiveModeThreshold: 0.5
  m_SpriteTileMode: 0
  m_WasSpriteAssigned: 1
  m_MaskInteraction: 0
  m_SpriteSortPoint: 0
--- !u!1 &4883556441089161063
GameObject:
  m_ObjectHideFlags: 0
  m_CorrespondingSourceObject: {fileID: 0}
  m_PrefabInstance: {fileID: 0}
  m_PrefabAsset: {fileID: 0}
  serializedVersion: 6
  m_Component:
  - component: {fileID: 4883556441089161062}
  - component: {fileID: 6205427253738978702}
  - component: {fileID: 436837650363685986}
  - component: {fileID: 843542154225658477}
  - component: {fileID: 5883309698173964904}
  - component: {fileID: 8352020146896048620}
  - component: {fileID: 5253768437113078193}
  - component: {fileID: 6415245129603268228}
  - component: {fileID: 3641162608887827667}
  - component: {fileID: 6548593541525425652}
  - component: {fileID: 5891447657666766354}
  m_Layer: 8
  m_Name: SoldierT3
  m_TagString: Untagged
  m_Icon: {fileID: 0}
  m_NavMeshLayer: 0
  m_StaticEditorFlags: 0
  m_IsActive: 1
--- !u!4 &4883556441089161062
Transform:
  m_ObjectHideFlags: 0
  m_CorrespondingSourceObject: {fileID: 0}
  m_PrefabInstance: {fileID: 0}
  m_PrefabAsset: {fileID: 0}
  m_GameObject: {fileID: 4883556441089161063}
  m_LocalRotation: {x: 0, y: 0, z: 0, w: 1}
  m_LocalPosition: {x: 0, y: 0, z: 0}
  m_LocalScale: {x: 1, y: 1, z: 1}
  m_Children:
  - {fileID: 7354648123942893462}
  - {fileID: 2032876476508709049}
  - {fileID: 1168505198727123124}
  - {fileID: 5047062489311186308}
  - {fileID: 3803048811454079075}
  m_Father: {fileID: 0}
  m_RootOrder: 0
  m_LocalEulerAnglesHint: {x: 0, y: 0, z: 0}
--- !u!114 &6205427253738978702
MonoBehaviour:
  m_ObjectHideFlags: 0
  m_CorrespondingSourceObject: {fileID: 0}
  m_PrefabInstance: {fileID: 0}
  m_PrefabAsset: {fileID: 0}
  m_GameObject: {fileID: 4883556441089161063}
  m_Enabled: 1
  m_EditorHideFlags: 0
  m_Script: {fileID: 11500000, guid: 55effb46e41695f4bbadbaff3c09c863, type: 3}
  m_Name: 
  m_EditorClassIdentifier: 
  health: {fileID: 843542154225658477}
  ragdoll: {fileID: 5883309698173964904}
  animator: {fileID: 187662762426550769}
  actorAnimator: {fileID: 3641162608887827667}
  navigator: {fileID: 8352020146896048620}
  brain: {fileID: 436837650363685986}
  weapon: {fileID: 6415245129603268228}
  aiming: {fileID: 5253768437113078193}
  humanoidSelf: {fileID: 2827392951449704078}
  viewPoint: {fileID: 5047062489311186308}
  voice: {fileID: 2678885848498735813}
  attack: {fileID: 6548593541525425652}
  bounty: 900
  level: 3
--- !u!114 &436837650363685986
MonoBehaviour:
  m_ObjectHideFlags: 0
  m_CorrespondingSourceObject: {fileID: 0}
  m_PrefabInstance: {fileID: 0}
  m_PrefabAsset: {fileID: 0}
  m_GameObject: {fileID: 4883556441089161063}
  m_Enabled: 1
  m_EditorHideFlags: 0
  m_Script: {fileID: 11500000, guid: 1711900f454e25742bf68e0b96e739f7, type: 3}
  m_Name: 
  m_EditorClassIdentifier: 
--- !u!114 &843542154225658477
MonoBehaviour:
  m_ObjectHideFlags: 0
  m_CorrespondingSourceObject: {fileID: 0}
  m_PrefabInstance: {fileID: 0}
  m_PrefabAsset: {fileID: 0}
  m_GameObject: {fileID: 4883556441089161063}
  m_Enabled: 1
  m_EditorHideFlags: 0
  m_Script: {fileID: 11500000, guid: db96905832e5c1b4d8b472331b1247d2, type: 3}
  m_Name: 
  m_EditorClassIdentifier: 
  InitialHp: 65
--- !u!114 &5883309698173964904
MonoBehaviour:
  m_ObjectHideFlags: 0
  m_CorrespondingSourceObject: {fileID: 0}
  m_PrefabInstance: {fileID: 0}
  m_PrefabAsset: {fileID: 0}
  m_GameObject: {fileID: 4883556441089161063}
  m_Enabled: 1
  m_EditorHideFlags: 0
  m_Script: {fileID: 11500000, guid: 4f85c9fadb1fb0c4eb420748eea75902, type: 3}
  m_Name: 
  m_EditorClassIdentifier: 
--- !u!114 &8352020146896048620
MonoBehaviour:
  m_ObjectHideFlags: 0
  m_CorrespondingSourceObject: {fileID: 0}
  m_PrefabInstance: {fileID: 0}
  m_PrefabAsset: {fileID: 0}
  m_GameObject: {fileID: 4883556441089161063}
  m_Enabled: 1
  m_EditorHideFlags: 0
  m_Script: {fileID: 11500000, guid: bf7b37d47776a5940b22ee15fee6098b, type: 3}
  m_Name: 
  m_EditorClassIdentifier: 
  Agent: {fileID: 5891447657666766354}
  ProximityThreshold: 1.3
--- !u!114 &5253768437113078193
MonoBehaviour:
  m_ObjectHideFlags: 0
  m_CorrespondingSourceObject: {fileID: 0}
  m_PrefabInstance: {fileID: 0}
  m_PrefabAsset: {fileID: 0}
  m_GameObject: {fileID: 4883556441089161063}
  m_Enabled: 1
  m_EditorHideFlags: 0
  m_Script: {fileID: 11500000, guid: 5af8a58a20974584f9cc012f210a8df5, type: 3}
  m_Name: 
  m_EditorClassIdentifier: 
  TurnRate: 0.6
  LockInTolerance: 0.2
  EngageDistance: 50
  HitLayer:
    serializedVersion: 2
    m_Bits: 64
  hip: {fileID: 8751448801847781127}
  lookOffset: {x: 0, y: -2, z: 0}
--- !u!114 &6415245129603268228
MonoBehaviour:
  m_ObjectHideFlags: 0
  m_CorrespondingSourceObject: {fileID: 0}
  m_PrefabInstance: {fileID: 0}
  m_PrefabAsset: {fileID: 0}
  m_GameObject: {fileID: 4883556441089161063}
  m_Enabled: 1
  m_EditorHideFlags: 0
  m_Script: {fileID: 11500000, guid: 6b4527e86bf1dbe428aed7a4bcec7111, type: 3}
  m_Name: 
  m_EditorClassIdentifier: 
--- !u!114 &3641162608887827667
MonoBehaviour:
  m_ObjectHideFlags: 0
  m_CorrespondingSourceObject: {fileID: 0}
  m_PrefabInstance: {fileID: 0}
  m_PrefabAsset: {fileID: 0}
  m_GameObject: {fileID: 4883556441089161063}
  m_Enabled: 1
  m_EditorHideFlags: 0
  m_Script: {fileID: 11500000, guid: 4fc60623cccca7c4cad1a5782eaee8fe, type: 3}
  m_Name: 
  m_EditorClassIdentifier: 
--- !u!114 &6548593541525425652
MonoBehaviour:
  m_ObjectHideFlags: 0
  m_CorrespondingSourceObject: {fileID: 0}
  m_PrefabInstance: {fileID: 0}
  m_PrefabAsset: {fileID: 0}
  m_GameObject: {fileID: 4883556441089161063}
  m_Enabled: 1
  m_EditorHideFlags: 0
  m_Script: {fileID: 11500000, guid: 926c4abe7b2d25f4095537b99728ac75, type: 3}
  m_Name: 
  m_EditorClassIdentifier: 
  indicator: {fileID: 484730343241565694}
  chance: 60
  minQuickness: 1.5
  maxQuickness: 2.5
  damage: 1
--- !u!195 &5891447657666766354
NavMeshAgent:
  m_ObjectHideFlags: 0
  m_CorrespondingSourceObject: {fileID: 0}
  m_PrefabInstance: {fileID: 0}
  m_PrefabAsset: {fileID: 0}
  m_GameObject: {fileID: 4883556441089161063}
  m_Enabled: 0
  m_AgentTypeID: 0
  m_Radius: 0.5
  m_Speed: 3.5
  m_Acceleration: 8
  avoidancePriority: 50
  m_AngularSpeed: 650
  m_StoppingDistance: 0
  m_AutoTraverseOffMeshLink: 1
  m_AutoBraking: 1
  m_AutoRepath: 1
  m_Height: 2
  m_BaseOffset: 0
  m_WalkableMask: 4294967295
  m_ObstacleAvoidanceType: 4
--- !u!1 &6427289044594877734
GameObject:
  m_ObjectHideFlags: 0
  m_CorrespondingSourceObject: {fileID: 0}
  m_PrefabInstance: {fileID: 0}
  m_PrefabAsset: {fileID: 0}
  serializedVersion: 6
  m_Component:
  - component: {fileID: 5047062489311186308}
  m_Layer: 8
  m_Name: ViewPoint
  m_TagString: Untagged
  m_Icon: {fileID: 0}
  m_NavMeshLayer: 0
  m_StaticEditorFlags: 0
  m_IsActive: 1
--- !u!4 &5047062489311186308
Transform:
  m_ObjectHideFlags: 0
  m_CorrespondingSourceObject: {fileID: 0}
  m_PrefabInstance: {fileID: 0}
  m_PrefabAsset: {fileID: 0}
  m_GameObject: {fileID: 6427289044594877734}
  m_LocalRotation: {x: -0, y: -0, z: -0, w: 1}
  m_LocalPosition: {x: 0, y: 1.499, z: 0.3}
  m_LocalScale: {x: 1, y: 1, z: 1}
  m_Children: []
  m_Father: {fileID: 4883556441089161062}
  m_RootOrder: 3
  m_LocalEulerAnglesHint: {x: 0, y: 0, z: 0}
--- !u!1 &6444202557215285000
GameObject:
  m_ObjectHideFlags: 0
  m_CorrespondingSourceObject: {fileID: 0}
  m_PrefabInstance: {fileID: 0}
  m_PrefabAsset: {fileID: 0}
  serializedVersion: 6
  m_Component:
  - component: {fileID: 535114196926124763}
  m_Layer: 0
  m_Name: GameObject
  m_TagString: Untagged
  m_Icon: {fileID: 0}
  m_NavMeshLayer: 0
  m_StaticEditorFlags: 0
  m_IsActive: 1
--- !u!4 &535114196926124763
Transform:
  m_ObjectHideFlags: 0
  m_CorrespondingSourceObject: {fileID: 0}
  m_PrefabInstance: {fileID: 0}
  m_PrefabAsset: {fileID: 0}
  m_GameObject: {fileID: 6444202557215285000}
  m_LocalRotation: {x: -0, y: -0, z: -0, w: 1}
  m_LocalPosition: {x: 0, y: 1.55, z: 0}
  m_LocalScale: {x: 1, y: 1, z: 1}
  m_Children: []
  m_Father: {fileID: 2032876476508709049}
  m_RootOrder: 0
  m_LocalEulerAnglesHint: {x: 0, y: 0, z: 0}
--- !u!1 &6685937245708048610
GameObject:
  m_ObjectHideFlags: 0
  m_CorrespondingSourceObject: {fileID: 0}
  m_PrefabInstance: {fileID: 0}
  m_PrefabAsset: {fileID: 0}
  serializedVersion: 6
  m_Component:
  - component: {fileID: 2032876476508709049}
  m_Layer: 0
  m_Name: LookAtPoint
  m_TagString: Untagged
  m_Icon: {fileID: 0}
  m_NavMeshLayer: 0
  m_StaticEditorFlags: 0
  m_IsActive: 1
--- !u!4 &2032876476508709049
Transform:
  m_ObjectHideFlags: 0
  m_CorrespondingSourceObject: {fileID: 0}
  m_PrefabInstance: {fileID: 0}
  m_PrefabAsset: {fileID: 0}
  m_GameObject: {fileID: 6685937245708048610}
  m_LocalRotation: {x: -0, y: -0, z: -0, w: 1}
  m_LocalPosition: {x: 0, y: 0, z: 0}
  m_LocalScale: {x: 1, y: 1, z: 1}
  m_Children:
  - {fileID: 535114196926124763}
  m_Father: {fileID: 4883556441089161062}
  m_RootOrder: 1
  m_LocalEulerAnglesHint: {x: 0, y: 0, z: 0}
--- !u!1 &7542804034437193236
GameObject:
  m_ObjectHideFlags: 0
  m_CorrespondingSourceObject: {fileID: 0}
  m_PrefabInstance: {fileID: 0}
  m_PrefabAsset: {fileID: 0}
  serializedVersion: 6
  m_Component:
  - component: {fileID: 3803048811454079075}
  - component: {fileID: 2678885848498735813}
  - component: {fileID: 3961057920344083818}
  m_Layer: 8
  m_Name: Voice
  m_TagString: Untagged
  m_Icon: {fileID: 0}
  m_NavMeshLayer: 0
  m_StaticEditorFlags: 0
  m_IsActive: 1
--- !u!4 &3803048811454079075
Transform:
  m_ObjectHideFlags: 0
  m_CorrespondingSourceObject: {fileID: 0}
  m_PrefabInstance: {fileID: 0}
  m_PrefabAsset: {fileID: 0}
  m_GameObject: {fileID: 7542804034437193236}
  m_LocalRotation: {x: 0, y: 0, z: 0, w: 1}
  m_LocalPosition: {x: 0, y: 0, z: 0}
  m_LocalScale: {x: 1, y: 1, z: 1}
  m_Children: []
  m_Father: {fileID: 4883556441089161062}
  m_RootOrder: 4
  m_LocalEulerAnglesHint: {x: 0, y: 0, z: 0}
--- !u!114 &2678885848498735813
MonoBehaviour:
  m_ObjectHideFlags: 0
  m_CorrespondingSourceObject: {fileID: 0}
  m_PrefabInstance: {fileID: 0}
  m_PrefabAsset: {fileID: 0}
  m_GameObject: {fileID: 7542804034437193236}
  m_Enabled: 1
  m_EditorHideFlags: 0
  m_Script: {fileID: 11500000, guid: 9d15af6af22f0e7479c642e50cde701f, type: 3}
  m_Name: 
  m_EditorClassIdentifier: 
  audioSource: {fileID: 3961057920344083818}
  hurtSfx:
  - {fileID: 8300000, guid: c8cc2dc11b15391409fc2bc5a0030a4a, type: 3}
  - {fileID: 8300000, guid: 1f7a34889a3843547b2859c6c1e7deab, type: 3}
  - {fileID: 8300000, guid: f5056d5ce6fae2343b93b0fa1be60631, type: 3}
  - {fileID: 8300000, guid: 0b8a893cd1813074e97af266e1cae6f3, type: 3}
  - {fileID: 8300000, guid: 1ce8cacee29b13e4e8930507a76c08da, type: 3}
  - {fileID: 8300000, guid: f79b00e7c09c6484381241db04acf78c, type: 3}
  - {fileID: 8300000, guid: 72e80b2d005290944b29548376bffbd9, type: 3}
  - {fileID: 8300000, guid: 01655a8590f40224b82b180e56e0d6f4, type: 3}
  dieSfx:
  - {fileID: 8300000, guid: db4d321fcb3e0f94f8c10dd9f00eddd7, type: 3}
  - {fileID: 8300000, guid: 3b6d26c82b9946b4cbf39adf43d3b0bc, type: 3}
  - {fileID: 8300000, guid: a708cbf5fe88e6749ad7fbb72e89bcd0, type: 3}
  - {fileID: 8300000, guid: 8238a42929717fa44a0e024981cffb92, type: 3}
--- !u!82 &3961057920344083818
AudioSource:
  m_ObjectHideFlags: 0
  m_CorrespondingSourceObject: {fileID: 0}
  m_PrefabInstance: {fileID: 0}
  m_PrefabAsset: {fileID: 0}
  m_GameObject: {fileID: 7542804034437193236}
  m_Enabled: 1
  serializedVersion: 4
  OutputAudioMixerGroup: {fileID: -2320514078883823529, guid: 702bc5dae15d5014e843357c1e3815c9, type: 2}
  m_audioClip: {fileID: 0}
  m_PlayOnAwake: 0
  m_Volume: 0.9
  m_Pitch: 1
  Loop: 0
  Mute: 0
  Spatialize: 0
  SpatializePostEffects: 0
  Priority: 128
  DopplerLevel: 1
  MinDistance: 1
  MaxDistance: 500
  Pan2D: 0
  rolloffMode: 0
  BypassEffects: 0
  BypassListenerEffects: 0
  BypassReverbZones: 0
  rolloffCustomCurve:
    serializedVersion: 2
    m_Curve:
    - serializedVersion: 3
      time: 0
      value: 1
      inSlope: 0
      outSlope: 0
      tangentMode: 0
      weightedMode: 0
      inWeight: 0.33333334
      outWeight: 0.33333334
    - serializedVersion: 3
      time: 1
      value: 0
      inSlope: 0
      outSlope: 0
      tangentMode: 0
      weightedMode: 0
      inWeight: 0.33333334
      outWeight: 0.33333334
    m_PreInfinity: 2
    m_PostInfinity: 2
    m_RotationOrder: 4
  panLevelCustomCurve:
    serializedVersion: 2
    m_Curve:
    - serializedVersion: 3
      time: 0
      value: 0.5
      inSlope: 0
      outSlope: 0
      tangentMode: 0
      weightedMode: 0
      inWeight: 0.33333334
      outWeight: 0.33333334
    m_PreInfinity: 2
    m_PostInfinity: 2
    m_RotationOrder: 4
  spreadCustomCurve:
    serializedVersion: 2
    m_Curve:
    - serializedVersion: 3
      time: 0
      value: 0
      inSlope: 0
      outSlope: 0
      tangentMode: 0
      weightedMode: 0
      inWeight: 0.33333334
      outWeight: 0.33333334
    m_PreInfinity: 2
    m_PostInfinity: 2
    m_RotationOrder: 4
  reverbZoneMixCustomCurve:
    serializedVersion: 2
    m_Curve:
    - serializedVersion: 3
      time: 0
      value: 1
      inSlope: 0
      outSlope: 0
      tangentMode: 0
      weightedMode: 0
      inWeight: 0.33333334
      outWeight: 0.33333334
    m_PreInfinity: 2
    m_PostInfinity: 2
    m_RotationOrder: 4
--- !u!1001 &3319278049684009929
PrefabInstance:
  m_ObjectHideFlags: 0
  serializedVersion: 2
  m_Modification:
    m_TransformParent: {fileID: 4883556441089161062}
    m_Modifications:
    - target: {fileID: 4849062748451053285, guid: 59185944543b4b349be8f48bf5cff3c7, type: 3}
      propertyPath: m_Name
      value: SoldierModel
      objectReference: {fileID: 0}
    - target: {fileID: 5188292233986655327, guid: 59185944543b4b349be8f48bf5cff3c7, type: 3}
      propertyPath: m_RootOrder
      value: 0
      objectReference: {fileID: 0}
    - target: {fileID: 5188292233986655327, guid: 59185944543b4b349be8f48bf5cff3c7, type: 3}
      propertyPath: m_LocalPosition.x
      value: 0
      objectReference: {fileID: 0}
    - target: {fileID: 5188292233986655327, guid: 59185944543b4b349be8f48bf5cff3c7, type: 3}
      propertyPath: m_LocalPosition.y
      value: 0
      objectReference: {fileID: 0}
    - target: {fileID: 5188292233986655327, guid: 59185944543b4b349be8f48bf5cff3c7, type: 3}
      propertyPath: m_LocalPosition.z
      value: 0
      objectReference: {fileID: 0}
    - target: {fileID: 5188292233986655327, guid: 59185944543b4b349be8f48bf5cff3c7, type: 3}
      propertyPath: m_LocalRotation.w
      value: 1
      objectReference: {fileID: 0}
    - target: {fileID: 5188292233986655327, guid: 59185944543b4b349be8f48bf5cff3c7, type: 3}
      propertyPath: m_LocalRotation.x
      value: 0
      objectReference: {fileID: 0}
    - target: {fileID: 5188292233986655327, guid: 59185944543b4b349be8f48bf5cff3c7, type: 3}
      propertyPath: m_LocalRotation.y
      value: 0
      objectReference: {fileID: 0}
    - target: {fileID: 5188292233986655327, guid: 59185944543b4b349be8f48bf5cff3c7, type: 3}
      propertyPath: m_LocalRotation.z
      value: 0
      objectReference: {fileID: 0}
    - target: {fileID: 5188292233986655327, guid: 59185944543b4b349be8f48bf5cff3c7, type: 3}
      propertyPath: m_LocalEulerAnglesHint.x
      value: 0
      objectReference: {fileID: 0}
    - target: {fileID: 5188292233986655327, guid: 59185944543b4b349be8f48bf5cff3c7, type: 3}
      propertyPath: m_LocalEulerAnglesHint.y
      value: 0
      objectReference: {fileID: 0}
    - target: {fileID: 5188292233986655327, guid: 59185944543b4b349be8f48bf5cff3c7, type: 3}
      propertyPath: m_LocalEulerAnglesHint.z
      value: 0
      objectReference: {fileID: 0}
    - target: {fileID: 9215566653327244427, guid: 59185944543b4b349be8f48bf5cff3c7, type: 3}
      propertyPath: m_Materials.Array.data[0]
      value: 
      objectReference: {fileID: 2100000, guid: 2c5a6c5defce700428611a47242b9e13, type: 2}
    m_RemovedComponents: []
  m_SourcePrefab: {fileID: 100100000, guid: 59185944543b4b349be8f48bf5cff3c7, type: 3}
--- !u!4 &7354648123942893462 stripped
Transform:
  m_CorrespondingSourceObject: {fileID: 5188292233986655327, guid: 59185944543b4b349be8f48bf5cff3c7, type: 3}
  m_PrefabInstance: {fileID: 3319278049684009929}
  m_PrefabAsset: {fileID: 0}
--- !u!114 &2827392951449704078 stripped
MonoBehaviour:
  m_CorrespondingSourceObject: {fileID: 661073826279384391, guid: 59185944543b4b349be8f48bf5cff3c7, type: 3}
  m_PrefabInstance: {fileID: 3319278049684009929}
  m_PrefabAsset: {fileID: 0}
  m_GameObject: {fileID: 0}
  m_Enabled: 1
  m_EditorHideFlags: 0
  m_Script: {fileID: 11500000, guid: dff482c476222ff4ea0fd8e16def6bde, type: 3}
  m_Name: 
  m_EditorClassIdentifier: 
--- !u!95 &187662762426550769 stripped
Animator:
  m_CorrespondingSourceObject: {fileID: 3209597058535815736, guid: 59185944543b4b349be8f48bf5cff3c7, type: 3}
  m_PrefabInstance: {fileID: 3319278049684009929}
  m_PrefabAsset: {fileID: 0}
--- !u!4 &8751448801847781127 stripped
Transform:
  m_CorrespondingSourceObject: {fileID: 6296900471102444750, guid: 59185944543b4b349be8f48bf5cff3c7, type: 3}
  m_PrefabInstance: {fileID: 3319278049684009929}
  m_PrefabAsset: {fileID: 0}
--- !u!198 &484730343241565694 stripped
ParticleSystem:
  m_CorrespondingSourceObject: {fileID: 2930271472787060279, guid: 59185944543b4b349be8f48bf5cff3c7, type: 3}
  m_PrefabInstance: {fileID: 3319278049684009929}
  m_PrefabAsset: {fileID: 0}
