%YAML 1.1
%TAG !u! tag:unity3d.com,2011:
--- !u!1 &2622321023580334132
GameObject:
  m_ObjectHideFlags: 0
  m_CorrespondingSourceObject: {fileID: 0}
  m_PrefabInstance: {fileID: 0}
  m_PrefabAsset: {fileID: 0}
  serializedVersion: 6
  m_Component:
  - component: {fileID: 8583067064237010164}
  m_Layer: 0
  m_Name: ReflexSight
  m_TagString: Untagged
  m_Icon: {fileID: 0}
  m_NavMeshLayer: 0
  m_StaticEditorFlags: 0
  m_IsActive: 1
--- !u!4 &8583067064237010164
Transform:
  m_ObjectHideFlags: 0
  m_CorrespondingSourceObject: {fileID: 0}
  m_PrefabInstance: {fileID: 0}
  m_PrefabAsset: {fileID: 0}
  m_GameObject: {fileID: 2622321023580334132}
  m_LocalRotation: {x: -0, y: -0, z: -0, w: 1}
  m_LocalPosition: {x: 0, y: 0, z: 0}
  m_LocalScale: {x: 1, y: 1, z: 1}
  m_Children:
  - {fileID: 7410680544940333979}
  - {fileID: 9178163744378908284}
  m_Father: {fileID: 0}
  m_RootOrder: 0
  m_LocalEulerAnglesHint: {x: 0, y: 0, z: 0}
--- !u!1 &3919998036976610830
GameObject:
  m_ObjectHideFlags: 0
  m_CorrespondingSourceObject: {fileID: 0}
  m_PrefabInstance: {fileID: 0}
  m_PrefabAsset: {fileID: 0}
  serializedVersion: 6
  m_Component:
  - component: {fileID: 9178163744378908284}
  - component: {fileID: 3025494799238542354}
  m_Layer: 0
  m_Name: Dot
  m_TagString: Untagged
  m_Icon: {fileID: 0}
  m_NavMeshLayer: 0
  m_StaticEditorFlags: 0
  m_IsActive: 1
--- !u!4 &9178163744378908284
Transform:
  m_ObjectHideFlags: 0
  m_CorrespondingSourceObject: {fileID: 0}
  m_PrefabInstance: {fileID: 0}
  m_PrefabAsset: {fileID: 0}
  m_GameObject: {fileID: 3919998036976610830}
  m_LocalRotation: {x: -0, y: -0, z: -0, w: 1}
  m_LocalPosition: {x: 0, y: 0.015, z: 0.020000001}
  m_LocalScale: {x: 0.010000001, y: 0.01, z: 0.010000001}
  m_Children: []
  m_Father: {fileID: 8583067064237010164}
  m_RootOrder: 1
  m_LocalEulerAnglesHint: {x: 0, y: 90, z: 0}
--- !u!212 &3025494799238542354
SpriteRenderer:
  m_ObjectHideFlags: 0
  m_CorrespondingSourceObject: {fileID: 0}
  m_PrefabInstance: {fileID: 0}
  m_PrefabAsset: {fileID: 0}
  m_GameObject: {fileID: 3919998036976610830}
  m_Enabled: 1
  m_CastShadows: 0
  m_ReceiveShadows: 0
  m_DynamicOccludee: 1
  m_MotionVectors: 1
  m_LightProbeUsage: 1
  m_ReflectionProbeUsage: 1
  m_RayTracingMode: 0
  m_RayTraceProcedural: 0
  m_RenderingLayerMask: 1
  m_RendererPriority: 0
  m_Materials:
  - {fileID: 10754, guid: 0000000000000000f000000000000000, type: 0}
  m_StaticBatchInfo:
    firstSubMesh: 0
    subMeshCount: 0
  m_StaticBatchRoot: {fileID: 0}
  m_ProbeAnchor: {fileID: 0}
  m_LightProbeVolumeOverride: {fileID: 0}
  m_ScaleInLightmap: 1
  m_ReceiveGI: 1
  m_PreserveUVs: 0
  m_IgnoreNormalsForChartDetection: 0
  m_ImportantGI: 0
  m_StitchLightmapSeams: 1
  m_SelectedEditorRenderState: 0
  m_MinimumChartSize: 4
  m_AutoUVMaxDistance: 0.5
  m_AutoUVMaxAngle: 89
  m_LightmapParameters: {fileID: 0}
  m_SortingLayerID: 0
  m_SortingLayer: 0
  m_SortingOrder: 0
  m_Sprite: {fileID: 21300000, guid: cc7305ac8831d8144a619bf0fee94b3f, type: 3}
  m_Color: {r: 0.7725491, g: 1, b: 1, a: 1}
  m_FlipX: 0
  m_FlipY: 0
  m_DrawMode: 0
  m_Size: {x: 5.12, y: 5.12}
  m_AdaptiveModeThreshold: 0.5
  m_SpriteTileMode: 0
  m_WasSpriteAssigned: 1
  m_MaskInteraction: 0
  m_SpriteSortPoint: 0
--- !u!1001 &2567810999046942849
PrefabInstance:
  m_ObjectHideFlags: 0
  serializedVersion: 2
  m_Modification:
    m_TransformParent: {fileID: 8583067064237010164}
    m_Modifications:
    - target: {fileID: -4216859302048453862, guid: c618d61163f72f543a14d393494772e2, type: 3}
      propertyPath: m_RootOrder
      value: 0
      objectReference: {fileID: 0}
    - target: {fileID: -4216859302048453862, guid: c618d61163f72f543a14d393494772e2, type: 3}
      propertyPath: m_LocalPosition.x
      value: 0
      objectReference: {fileID: 0}
    - target: {fileID: -4216859302048453862, guid: c618d61163f72f543a14d393494772e2, type: 3}
      propertyPath: m_LocalPosition.y
      value: 0
      objectReference: {fileID: 0}
    - target: {fileID: -4216859302048453862, guid: c618d61163f72f543a14d393494772e2, type: 3}
      propertyPath: m_LocalPosition.z
      value: 0
      objectReference: {fileID: 0}
    - target: {fileID: -4216859302048453862, guid: c618d61163f72f543a14d393494772e2, type: 3}
      propertyPath: m_LocalRotation.w
      value: 0.7071068
      objectReference: {fileID: 0}
    - target: {fileID: -4216859302048453862, guid: c618d61163f72f543a14d393494772e2, type: 3}
      propertyPath: m_LocalRotation.x
      value: -0
      objectReference: {fileID: 0}
    - target: {fileID: -4216859302048453862, guid: c618d61163f72f543a14d393494772e2, type: 3}
      propertyPath: m_LocalRotation.y
      value: 0.7071068
      objectReference: {fileID: 0}
    - target: {fileID: -4216859302048453862, guid: c618d61163f72f543a14d393494772e2, type: 3}
      propertyPath: m_LocalRotation.z
      value: -0
      objectReference: {fileID: 0}
    - target: {fileID: -4216859302048453862, guid: c618d61163f72f543a14d393494772e2, type: 3}
      propertyPath: m_LocalEulerAnglesHint.x
      value: 0
      objectReference: {fileID: 0}
    - target: {fileID: -4216859302048453862, guid: c618d61163f72f543a14d393494772e2, type: 3}
      propertyPath: m_LocalEulerAnglesHint.y
      value: 180
      objectReference: {fileID: 0}
    - target: {fileID: -4216859302048453862, guid: c618d61163f72f543a14d393494772e2, type: 3}
      propertyPath: m_LocalEulerAnglesHint.z
      value: 0
      objectReference: {fileID: 0}
    - target: {fileID: -927199367670048503, guid: c618d61163f72f543a14d393494772e2, type: 3}
      propertyPath: m_Name
      value: model
      objectReference: {fileID: 0}
    - target: {fileID: 5417555812062231569, guid: c618d61163f72f543a14d393494772e2, type: 3}
      propertyPath: m_Materials.Array.data[0]
      value: 
      objectReference: {fileID: 2100000, guid: 013dd69c9311a79478c280bfa7c05b8e, type: 2}
    - target: {fileID: 5417555812062231569, guid: c618d61163f72f543a14d393494772e2, type: 3}
      propertyPath: m_Materials.Array.data[2]
      value: 
      objectReference: {fileID: 2100000, guid: 756e9ecf6527f4f4cb02ccf1a93d9810, type: 2}
    m_RemovedComponents: []
  m_SourcePrefab: {fileID: 100100000, guid: c618d61163f72f543a14d393494772e2, type: 3}
--- !u!4 &7410680544940333979 stripped
Transform:
  m_CorrespondingSourceObject: {fileID: -4216859302048453862, guid: c618d61163f72f543a14d393494772e2, type: 3}
  m_PrefabInstance: {fileID: 2567810999046942849}
  m_PrefabAsset: {fileID: 0}
