%YAML 1.1
%TAG !u! tag:unity3d.com,2011:
--- !u!64 &7827356880432812157
MeshCollider:
  m_ObjectHideFlags: 0
  m_CorrespondingSourceObject: {fileID: 0}
  m_PrefabInstance: {fileID: 0}
  m_PrefabAsset: {fileID: 0}
  m_GameObject: {fileID: 32325976646218643}
  m_Material: {fileID: 0}
  m_IsTrigger: 0
  m_Enabled: 1
  serializedVersion: 4
  m_Convex: 1
  m_CookingOptions: 30
  m_Mesh: {fileID: -3145058497754134291, guid: ffc2ef068b70c764db13f22287d863fb, type: 3}
--- !u!114 &3948584352956363686
MonoBehaviour:
  m_ObjectHideFlags: 0
  m_CorrespondingSourceObject: {fileID: 0}
  m_PrefabInstance: {fileID: 0}
  m_PrefabAsset: {fileID: 0}
  m_GameObject: {fileID: 32325976646218643}
  m_Enabled: 1
  m_EditorHideFlags: 0
  m_Script: {fileID: 11500000, guid: 71e7ae4e1954b7f4c853995c75bd9308, type: 3}
  m_Name: 
  m_EditorClassIdentifier: 
  ImpactHolePrefab: {fileID: 6182452058536290417, guid: 7859bc829da3c77469fadd767ed1db45, type: 3}
--- !u!1 &481966656946439547
GameObject:
  m_ObjectHideFlags: 0
  m_CorrespondingSourceObject: {fileID: 0}
  m_PrefabInstance: {fileID: 0}
  m_PrefabAsset: {fileID: 0}
  serializedVersion: 6
  m_Component:
  - component: {fileID: 847098006501349747}
  m_Layer: 6
  m_Name: CrateBarricade
  m_TagString: Untagged
  m_Icon: {fileID: 0}
  m_NavMeshLayer: 0
  m_StaticEditorFlags: 0
  m_IsActive: 1
--- !u!4 &847098006501349747
Transform:
  m_ObjectHideFlags: 0
  m_CorrespondingSourceObject: {fileID: 0}
  m_PrefabInstance: {fileID: 0}
  m_PrefabAsset: {fileID: 0}
  m_GameObject: {fileID: 481966656946439547}
  m_LocalRotation: {x: -0, y: 0.2035559, z: -0, w: 0.9790634}
  m_LocalPosition: {x: -10.01, y: 0, z: 10.18}
  m_LocalScale: {x: 1, y: 1, z: 1}
  m_Children:
  - {fileID: 2837735279234018206}
  - {fileID: 6515802162186633211}
  - {fileID: 6268427319999796486}
  - {fileID: 808687372323760425}
  - {fileID: 7731793915524856971}
  - {fileID: 3719392297969605292}
  - {fileID: 7483267472852632001}
  - {fileID: 2806475816058798326}
  m_Father: {fileID: 0}
  m_RootOrder: 0
  m_LocalEulerAnglesHint: {x: 0, y: 23.49, z: 0}
--- !u!64 &7455832714325862675
MeshCollider:
  m_ObjectHideFlags: 0
  m_CorrespondingSourceObject: {fileID: 0}
  m_PrefabInstance: {fileID: 0}
  m_PrefabAsset: {fileID: 0}
  m_GameObject: {fileID: 3182489810764181796}
  m_Material: {fileID: 0}
  m_IsTrigger: 0
  m_Enabled: 1
  serializedVersion: 4
  m_Convex: 1
  m_CookingOptions: 30
  m_Mesh: {fileID: -3145058497754134291, guid: ca9ebf0d34b44bf45afe7825ca079eb9, type: 3}
--- !u!114 &378218751965293807
MonoBehaviour:
  m_ObjectHideFlags: 0
  m_CorrespondingSourceObject: {fileID: 0}
  m_PrefabInstance: {fileID: 0}
  m_PrefabAsset: {fileID: 0}
  m_GameObject: {fileID: 3182489810764181796}
  m_Enabled: 1
  m_EditorHideFlags: 0
  m_Script: {fileID: 11500000, guid: 71e7ae4e1954b7f4c853995c75bd9308, type: 3}
  m_Name: 
  m_EditorClassIdentifier: 
  ImpactHolePrefab: {fileID: 6182452058536290417, guid: 7859bc829da3c77469fadd767ed1db45, type: 3}
--- !u!64 &5950979998854476343
MeshCollider:
  m_ObjectHideFlags: 0
  m_CorrespondingSourceObject: {fileID: 0}
  m_PrefabInstance: {fileID: 0}
  m_PrefabAsset: {fileID: 0}
  m_GameObject: {fileID: 5847668100881409345}
  m_Material: {fileID: 0}
  m_IsTrigger: 0
  m_Enabled: 1
  serializedVersion: 4
  m_Convex: 1
  m_CookingOptions: 30
  m_Mesh: {fileID: -3145058497754134291, guid: ca9ebf0d34b44bf45afe7825ca079eb9, type: 3}
--- !u!114 &8751736293474327839
MonoBehaviour:
  m_ObjectHideFlags: 0
  m_CorrespondingSourceObject: {fileID: 0}
  m_PrefabInstance: {fileID: 0}
  m_PrefabAsset: {fileID: 0}
  m_GameObject: {fileID: 5847668100881409345}
  m_Enabled: 1
  m_EditorHideFlags: 0
  m_Script: {fileID: 11500000, guid: 71e7ae4e1954b7f4c853995c75bd9308, type: 3}
  m_Name: 
  m_EditorClassIdentifier: 
  ImpactHolePrefab: {fileID: 6182452058536290417, guid: 7859bc829da3c77469fadd767ed1db45, type: 3}
--- !u!64 &3395111918607154899
MeshCollider:
  m_ObjectHideFlags: 0
  m_CorrespondingSourceObject: {fileID: 0}
  m_PrefabInstance: {fileID: 0}
  m_PrefabAsset: {fileID: 0}
  m_GameObject: {fileID: 6752652599121498044}
  m_Material: {fileID: 0}
  m_IsTrigger: 0
  m_Enabled: 1
  serializedVersion: 4
  m_Convex: 1
  m_CookingOptions: 30
  m_Mesh: {fileID: -3145058497754134291, guid: ca9ebf0d34b44bf45afe7825ca079eb9, type: 3}
--- !u!114 &1415876344723408326
MonoBehaviour:
  m_ObjectHideFlags: 0
  m_CorrespondingSourceObject: {fileID: 0}
  m_PrefabInstance: {fileID: 0}
  m_PrefabAsset: {fileID: 0}
  m_GameObject: {fileID: 6752652599121498044}
  m_Enabled: 1
  m_EditorHideFlags: 0
  m_Script: {fileID: 11500000, guid: 71e7ae4e1954b7f4c853995c75bd9308, type: 3}
  m_Name: 
  m_EditorClassIdentifier: 
  ImpactHolePrefab: {fileID: 6182452058536290417, guid: 7859bc829da3c77469fadd767ed1db45, type: 3}
--- !u!64 &374918026057661078
MeshCollider:
  m_ObjectHideFlags: 0
  m_CorrespondingSourceObject: {fileID: 0}
  m_PrefabInstance: {fileID: 0}
  m_PrefabAsset: {fileID: 0}
  m_GameObject: {fileID: 6919509477491402289}
  m_Material: {fileID: 0}
  m_IsTrigger: 0
  m_Enabled: 1
  serializedVersion: 4
  m_Convex: 1
  m_CookingOptions: 30
  m_Mesh: {fileID: -3145058497754134291, guid: ffc2ef068b70c764db13f22287d863fb, type: 3}
--- !u!114 &293200355109345036
MonoBehaviour:
  m_ObjectHideFlags: 0
  m_CorrespondingSourceObject: {fileID: 0}
  m_PrefabInstance: {fileID: 0}
  m_PrefabAsset: {fileID: 0}
  m_GameObject: {fileID: 6919509477491402289}
  m_Enabled: 1
  m_EditorHideFlags: 0
  m_Script: {fileID: 11500000, guid: 71e7ae4e1954b7f4c853995c75bd9308, type: 3}
  m_Name: 
  m_EditorClassIdentifier: 
  ImpactHolePrefab: {fileID: 6182452058536290417, guid: 7859bc829da3c77469fadd767ed1db45, type: 3}
--- !u!1001 &915270433246203586
PrefabInstance:
  m_ObjectHideFlags: 0
  serializedVersion: 2
  m_Modification:
    m_TransformParent: {fileID: 847098006501349747}
    m_Modifications:
    - target: {fileID: -8679921383154817045, guid: ffc2ef068b70c764db13f22287d863fb, type: 3}
      propertyPath: m_RootOrder
      value: 3
      objectReference: {fileID: 0}
    - target: {fileID: -8679921383154817045, guid: ffc2ef068b70c764db13f22287d863fb, type: 3}
      propertyPath: m_LocalScale.x
      value: 2
      objectReference: {fileID: 0}
    - target: {fileID: -8679921383154817045, guid: ffc2ef068b70c764db13f22287d863fb, type: 3}
      propertyPath: m_LocalScale.y
      value: 1
      objectReference: {fileID: 0}
    - target: {fileID: -8679921383154817045, guid: ffc2ef068b70c764db13f22287d863fb, type: 3}
      propertyPath: m_LocalScale.z
      value: 2
      objectReference: {fileID: 0}
    - target: {fileID: -8679921383154817045, guid: ffc2ef068b70c764db13f22287d863fb, type: 3}
      propertyPath: m_LocalPosition.x
      value: 0.264
      objectReference: {fileID: 0}
    - target: {fileID: -8679921383154817045, guid: ffc2ef068b70c764db13f22287d863fb, type: 3}
      propertyPath: m_LocalPosition.y
      value: 0.594
      objectReference: {fileID: 0}
    - target: {fileID: -8679921383154817045, guid: ffc2ef068b70c764db13f22287d863fb, type: 3}
      propertyPath: m_LocalPosition.z
      value: -0.057
      objectReference: {fileID: 0}
    - target: {fileID: -8679921383154817045, guid: ffc2ef068b70c764db13f22287d863fb, type: 3}
      propertyPath: m_LocalRotation.w
      value: 0.99530625
      objectReference: {fileID: 0}
    - target: {fileID: -8679921383154817045, guid: ffc2ef068b70c764db13f22287d863fb, type: 3}
      propertyPath: m_LocalRotation.x
      value: -0
      objectReference: {fileID: 0}
    - target: {fileID: -8679921383154817045, guid: ffc2ef068b70c764db13f22287d863fb, type: 3}
      propertyPath: m_LocalRotation.y
      value: 0.09677529
      objectReference: {fileID: 0}
    - target: {fileID: -8679921383154817045, guid: ffc2ef068b70c764db13f22287d863fb, type: 3}
      propertyPath: m_LocalRotation.z
      value: -0
      objectReference: {fileID: 0}
    - target: {fileID: -8679921383154817045, guid: ffc2ef068b70c764db13f22287d863fb, type: 3}
      propertyPath: m_LocalEulerAnglesHint.x
      value: 0
      objectReference: {fileID: 0}
    - target: {fileID: -8679921383154817045, guid: ffc2ef068b70c764db13f22287d863fb, type: 3}
      propertyPath: m_LocalEulerAnglesHint.y
      value: 11.107
      objectReference: {fileID: 0}
    - target: {fileID: -8679921383154817045, guid: ffc2ef068b70c764db13f22287d863fb, type: 3}
      propertyPath: m_LocalEulerAnglesHint.z
      value: 0
      objectReference: {fileID: 0}
    - target: {fileID: 919132149155446097, guid: ffc2ef068b70c764db13f22287d863fb, type: 3}
      propertyPath: m_Name
      value: box2
      objectReference: {fileID: 0}
    - target: {fileID: 919132149155446097, guid: ffc2ef068b70c764db13f22287d863fb, type: 3}
      propertyPath: m_Layer
      value: 6
      objectReference: {fileID: 0}
    - target: {fileID: 919132149155446097, guid: ffc2ef068b70c764db13f22287d863fb, type: 3}
      propertyPath: m_StaticEditorFlags
      value: 4294967295
      objectReference: {fileID: 0}
    m_RemovedComponents: []
  m_SourcePrefab: {fileID: 100100000, guid: ffc2ef068b70c764db13f22287d863fb, type: 3}
--- !u!1 &32325976646218643 stripped
GameObject:
  m_CorrespondingSourceObject: {fileID: 919132149155446097, guid: ffc2ef068b70c764db13f22287d863fb, type: 3}
  m_PrefabInstance: {fileID: 915270433246203586}
  m_PrefabAsset: {fileID: 0}
--- !u!4 &808687372323760425 stripped
Transform:
  m_CorrespondingSourceObject: {fileID: -8679921383154817045, guid: ffc2ef068b70c764db13f22287d863fb, type: 3}
  m_PrefabInstance: {fileID: 915270433246203586}
  m_PrefabAsset: {fileID: 0}
--- !u!1001 &2372007559892241525
PrefabInstance:
  m_ObjectHideFlags: 0
  serializedVersion: 2
  m_Modification:
    m_TransformParent: {fileID: 847098006501349747}
    m_Modifications:
    - target: {fileID: -8679921383154817045, guid: ca9ebf0d34b44bf45afe7825ca079eb9, type: 3}
      propertyPath: m_RootOrder
      value: 0
      objectReference: {fileID: 0}
    - target: {fileID: -8679921383154817045, guid: ca9ebf0d34b44bf45afe7825ca079eb9, type: 3}
      propertyPath: m_LocalScale.x
      value: 2
      objectReference: {fileID: 0}
    - target: {fileID: -8679921383154817045, guid: ca9ebf0d34b44bf45afe7825ca079eb9, type: 3}
      propertyPath: m_LocalScale.y
      value: 2
      objectReference: {fileID: 0}
    - target: {fileID: -8679921383154817045, guid: ca9ebf0d34b44bf45afe7825ca079eb9, type: 3}
      propertyPath: m_LocalScale.z
      value: 2
      objectReference: {fileID: 0}
    - target: {fileID: -8679921383154817045, guid: ca9ebf0d34b44bf45afe7825ca079eb9, type: 3}
      propertyPath: m_LocalPosition.x
      value: 0.58
      objectReference: {fileID: 0}
    - target: {fileID: -8679921383154817045, guid: ca9ebf0d34b44bf45afe7825ca079eb9, type: 3}
      propertyPath: m_LocalPosition.y
      value: 0
      objectReference: {fileID: 0}
    - target: {fileID: -8679921383154817045, guid: ca9ebf0d34b44bf45afe7825ca079eb9, type: 3}
      propertyPath: m_LocalPosition.z
      value: -0
      objectReference: {fileID: 0}
    - target: {fileID: -8679921383154817045, guid: ca9ebf0d34b44bf45afe7825ca079eb9, type: 3}
      propertyPath: m_LocalRotation.w
      value: 1
      objectReference: {fileID: 0}
    - target: {fileID: -8679921383154817045, guid: ca9ebf0d34b44bf45afe7825ca079eb9, type: 3}
      propertyPath: m_LocalRotation.x
      value: 0
      objectReference: {fileID: 0}
    - target: {fileID: -8679921383154817045, guid: ca9ebf0d34b44bf45afe7825ca079eb9, type: 3}
      propertyPath: m_LocalRotation.y
      value: -0
      objectReference: {fileID: 0}
    - target: {fileID: -8679921383154817045, guid: ca9ebf0d34b44bf45afe7825ca079eb9, type: 3}
      propertyPath: m_LocalRotation.z
      value: -0
      objectReference: {fileID: 0}
    - target: {fileID: -8679921383154817045, guid: ca9ebf0d34b44bf45afe7825ca079eb9, type: 3}
      propertyPath: m_LocalEulerAnglesHint.x
      value: 0
      objectReference: {fileID: 0}
    - target: {fileID: -8679921383154817045, guid: ca9ebf0d34b44bf45afe7825ca079eb9, type: 3}
      propertyPath: m_LocalEulerAnglesHint.y
      value: 0
      objectReference: {fileID: 0}
    - target: {fileID: -8679921383154817045, guid: ca9ebf0d34b44bf45afe7825ca079eb9, type: 3}
      propertyPath: m_LocalEulerAnglesHint.z
      value: 0
      objectReference: {fileID: 0}
    - target: {fileID: 919132149155446097, guid: ca9ebf0d34b44bf45afe7825ca079eb9, type: 3}
      propertyPath: m_Name
      value: box1
      objectReference: {fileID: 0}
    - target: {fileID: 919132149155446097, guid: ca9ebf0d34b44bf45afe7825ca079eb9, type: 3}
      propertyPath: m_Layer
      value: 6
      objectReference: {fileID: 0}
    - target: {fileID: 919132149155446097, guid: ca9ebf0d34b44bf45afe7825ca079eb9, type: 3}
      propertyPath: m_StaticEditorFlags
      value: 4294967295
      objectReference: {fileID: 0}
    m_RemovedComponents: []
  m_SourcePrefab: {fileID: 100100000, guid: ca9ebf0d34b44bf45afe7825ca079eb9, type: 3}
--- !u!1 &3182489810764181796 stripped
GameObject:
  m_CorrespondingSourceObject: {fileID: 919132149155446097, guid: ca9ebf0d34b44bf45afe7825ca079eb9, type: 3}
  m_PrefabInstance: {fileID: 2372007559892241525}
  m_PrefabAsset: {fileID: 0}
--- !u!4 &2837735279234018206 stripped
Transform:
  m_CorrespondingSourceObject: {fileID: -8679921383154817045, guid: ca9ebf0d34b44bf45afe7825ca079eb9, type: 3}
  m_PrefabInstance: {fileID: 2372007559892241525}
  m_PrefabAsset: {fileID: 0}
--- !u!1001 &4402740367265169587
PrefabInstance:
  m_ObjectHideFlags: 0
  serializedVersion: 2
  m_Modification:
    m_TransformParent: {fileID: 847098006501349747}
    m_Modifications:
    - target: {fileID: 6539302627711172978, guid: 1a35199a8c571c44ab06557ec922b202, type: 3}
      propertyPath: m_RootOrder
      value: 6
      objectReference: {fileID: 0}
    - target: {fileID: 6539302627711172978, guid: 1a35199a8c571c44ab06557ec922b202, type: 3}
      propertyPath: m_LocalPosition.x
      value: 0.48
      objectReference: {fileID: 0}
    - target: {fileID: 6539302627711172978, guid: 1a35199a8c571c44ab06557ec922b202, type: 3}
      propertyPath: m_LocalPosition.y
      value: 0.1
      objectReference: {fileID: 0}
    - target: {fileID: 6539302627711172978, guid: 1a35199a8c571c44ab06557ec922b202, type: 3}
      propertyPath: m_LocalPosition.z
      value: 0.69
      objectReference: {fileID: 0}
    - target: {fileID: 6539302627711172978, guid: 1a35199a8c571c44ab06557ec922b202, type: 3}
      propertyPath: m_LocalRotation.w
      value: 1
      objectReference: {fileID: 0}
    - target: {fileID: 6539302627711172978, guid: 1a35199a8c571c44ab06557ec922b202, type: 3}
      propertyPath: m_LocalRotation.x
      value: 0
      objectReference: {fileID: 0}
    - target: {fileID: 6539302627711172978, guid: 1a35199a8c571c44ab06557ec922b202, type: 3}
      propertyPath: m_LocalRotation.y
      value: 0
      objectReference: {fileID: 0}
    - target: {fileID: 6539302627711172978, guid: 1a35199a8c571c44ab06557ec922b202, type: 3}
      propertyPath: m_LocalRotation.z
      value: 0
      objectReference: {fileID: 0}
    - target: {fileID: 6539302627711172978, guid: 1a35199a8c571c44ab06557ec922b202, type: 3}
      propertyPath: m_LocalEulerAnglesHint.x
      value: 0
      objectReference: {fileID: 0}
    - target: {fileID: 6539302627711172978, guid: 1a35199a8c571c44ab06557ec922b202, type: 3}
      propertyPath: m_LocalEulerAnglesHint.y
      value: 0
      objectReference: {fileID: 0}
    - target: {fileID: 6539302627711172978, guid: 1a35199a8c571c44ab06557ec922b202, type: 3}
      propertyPath: m_LocalEulerAnglesHint.z
      value: 0
      objectReference: {fileID: 0}
    - target: {fileID: 6539302627711172979, guid: 1a35199a8c571c44ab06557ec922b202, type: 3}
      propertyPath: m_Name
      value: CoverSpot (1)
      objectReference: {fileID: 0}
    m_RemovedComponents: []
  m_SourcePrefab: {fileID: 100100000, guid: 1a35199a8c571c44ab06557ec922b202, type: 3}
--- !u!4 &7483267472852632001 stripped
Transform:
  m_CorrespondingSourceObject: {fileID: 6539302627711172978, guid: 1a35199a8c571c44ab06557ec922b202, type: 3}
  m_PrefabInstance: {fileID: 4402740367265169587}
  m_PrefabAsset: {fileID: 0}
--- !u!1001 &5870253079383536365
PrefabInstance:
  m_ObjectHideFlags: 0
  serializedVersion: 2
  m_Modification:
    m_TransformParent: {fileID: 847098006501349747}
    m_Modifications:
    - target: {fileID: -8679921383154817045, guid: ca9ebf0d34b44bf45afe7825ca079eb9, type: 3}
      propertyPath: m_RootOrder
      value: 2
      objectReference: {fileID: 0}
    - target: {fileID: -8679921383154817045, guid: ca9ebf0d34b44bf45afe7825ca079eb9, type: 3}
      propertyPath: m_LocalScale.x
      value: 2
      objectReference: {fileID: 0}
    - target: {fileID: -8679921383154817045, guid: ca9ebf0d34b44bf45afe7825ca079eb9, type: 3}
      propertyPath: m_LocalScale.y
      value: 2
      objectReference: {fileID: 0}
    - target: {fileID: -8679921383154817045, guid: ca9ebf0d34b44bf45afe7825ca079eb9, type: 3}
      propertyPath: m_LocalScale.z
      value: 2
      objectReference: {fileID: 0}
    - target: {fileID: -8679921383154817045, guid: ca9ebf0d34b44bf45afe7825ca079eb9, type: 3}
      propertyPath: m_LocalPosition.x
      value: -0.94
      objectReference: {fileID: 0}
    - target: {fileID: -8679921383154817045, guid: ca9ebf0d34b44bf45afe7825ca079eb9, type: 3}
      propertyPath: m_LocalPosition.y
      value: 0
      objectReference: {fileID: 0}
    - target: {fileID: -8679921383154817045, guid: ca9ebf0d34b44bf45afe7825ca079eb9, type: 3}
      propertyPath: m_LocalPosition.z
      value: -0.41
      objectReference: {fileID: 0}
    - target: {fileID: -8679921383154817045, guid: ca9ebf0d34b44bf45afe7825ca079eb9, type: 3}
      propertyPath: m_LocalRotation.w
      value: 0.95069224
      objectReference: {fileID: 0}
    - target: {fileID: -8679921383154817045, guid: ca9ebf0d34b44bf45afe7825ca079eb9, type: 3}
      propertyPath: m_LocalRotation.x
      value: -0
      objectReference: {fileID: 0}
    - target: {fileID: -8679921383154817045, guid: ca9ebf0d34b44bf45afe7825ca079eb9, type: 3}
      propertyPath: m_LocalRotation.y
      value: -0.31013596
      objectReference: {fileID: 0}
    - target: {fileID: -8679921383154817045, guid: ca9ebf0d34b44bf45afe7825ca079eb9, type: 3}
      propertyPath: m_LocalRotation.z
      value: -0
      objectReference: {fileID: 0}
    - target: {fileID: -8679921383154817045, guid: ca9ebf0d34b44bf45afe7825ca079eb9, type: 3}
      propertyPath: m_LocalEulerAnglesHint.x
      value: 0
      objectReference: {fileID: 0}
    - target: {fileID: -8679921383154817045, guid: ca9ebf0d34b44bf45afe7825ca079eb9, type: 3}
      propertyPath: m_LocalEulerAnglesHint.y
      value: -36.135
      objectReference: {fileID: 0}
    - target: {fileID: -8679921383154817045, guid: ca9ebf0d34b44bf45afe7825ca079eb9, type: 3}
      propertyPath: m_LocalEulerAnglesHint.z
      value: 0
      objectReference: {fileID: 0}
    - target: {fileID: 919132149155446097, guid: ca9ebf0d34b44bf45afe7825ca079eb9, type: 3}
      propertyPath: m_Name
      value: box1 (2)
      objectReference: {fileID: 0}
    - target: {fileID: 919132149155446097, guid: ca9ebf0d34b44bf45afe7825ca079eb9, type: 3}
      propertyPath: m_Layer
      value: 6
      objectReference: {fileID: 0}
    - target: {fileID: 919132149155446097, guid: ca9ebf0d34b44bf45afe7825ca079eb9, type: 3}
      propertyPath: m_StaticEditorFlags
      value: 4294967295
      objectReference: {fileID: 0}
    m_RemovedComponents: []
  m_SourcePrefab: {fileID: 100100000, guid: ca9ebf0d34b44bf45afe7825ca079eb9, type: 3}
--- !u!1 &6752652599121498044 stripped
GameObject:
  m_CorrespondingSourceObject: {fileID: 919132149155446097, guid: ca9ebf0d34b44bf45afe7825ca079eb9, type: 3}
  m_PrefabInstance: {fileID: 5870253079383536365}
  m_PrefabAsset: {fileID: 0}
--- !u!4 &6268427319999796486 stripped
Transform:
  m_CorrespondingSourceObject: {fileID: -8679921383154817045, guid: ca9ebf0d34b44bf45afe7825ca079eb9, type: 3}
  m_PrefabInstance: {fileID: 5870253079383536365}
  m_PrefabAsset: {fileID: 0}
--- !u!1001 &6766235085892376592
PrefabInstance:
  m_ObjectHideFlags: 0
  serializedVersion: 2
  m_Modification:
    m_TransformParent: {fileID: 847098006501349747}
    m_Modifications:
    - target: {fileID: -8679921383154817045, guid: ca9ebf0d34b44bf45afe7825ca079eb9, type: 3}
      propertyPath: m_RootOrder
      value: 1
      objectReference: {fileID: 0}
    - target: {fileID: -8679921383154817045, guid: ca9ebf0d34b44bf45afe7825ca079eb9, type: 3}
      propertyPath: m_LocalScale.x
      value: 2
      objectReference: {fileID: 0}
    - target: {fileID: -8679921383154817045, guid: ca9ebf0d34b44bf45afe7825ca079eb9, type: 3}
      propertyPath: m_LocalScale.y
      value: 2
      objectReference: {fileID: 0}
    - target: {fileID: -8679921383154817045, guid: ca9ebf0d34b44bf45afe7825ca079eb9, type: 3}
      propertyPath: m_LocalScale.z
      value: 2
      objectReference: {fileID: 0}
    - target: {fileID: -8679921383154817045, guid: ca9ebf0d34b44bf45afe7825ca079eb9, type: 3}
      propertyPath: m_LocalPosition.x
      value: -0.24
      objectReference: {fileID: 0}
    - target: {fileID: -8679921383154817045, guid: ca9ebf0d34b44bf45afe7825ca079eb9, type: 3}
      propertyPath: m_LocalPosition.y
      value: 0
      objectReference: {fileID: 0}
    - target: {fileID: -8679921383154817045, guid: ca9ebf0d34b44bf45afe7825ca079eb9, type: 3}
      propertyPath: m_LocalPosition.z
      value: -0.08
      objectReference: {fileID: 0}
    - target: {fileID: -8679921383154817045, guid: ca9ebf0d34b44bf45afe7825ca079eb9, type: 3}
      propertyPath: m_LocalRotation.w
      value: 0.9928923
      objectReference: {fileID: 0}
    - target: {fileID: -8679921383154817045, guid: ca9ebf0d34b44bf45afe7825ca079eb9, type: 3}
      propertyPath: m_LocalRotation.x
      value: -0
      objectReference: {fileID: 0}
    - target: {fileID: -8679921383154817045, guid: ca9ebf0d34b44bf45afe7825ca079eb9, type: 3}
      propertyPath: m_LocalRotation.y
      value: -0.119016334
      objectReference: {fileID: 0}
    - target: {fileID: -8679921383154817045, guid: ca9ebf0d34b44bf45afe7825ca079eb9, type: 3}
      propertyPath: m_LocalRotation.z
      value: -0
      objectReference: {fileID: 0}
    - target: {fileID: -8679921383154817045, guid: ca9ebf0d34b44bf45afe7825ca079eb9, type: 3}
      propertyPath: m_LocalEulerAnglesHint.x
      value: 0
      objectReference: {fileID: 0}
    - target: {fileID: -8679921383154817045, guid: ca9ebf0d34b44bf45afe7825ca079eb9, type: 3}
      propertyPath: m_LocalEulerAnglesHint.y
      value: -13.671
      objectReference: {fileID: 0}
    - target: {fileID: -8679921383154817045, guid: ca9ebf0d34b44bf45afe7825ca079eb9, type: 3}
      propertyPath: m_LocalEulerAnglesHint.z
      value: 0
      objectReference: {fileID: 0}
    - target: {fileID: 919132149155446097, guid: ca9ebf0d34b44bf45afe7825ca079eb9, type: 3}
      propertyPath: m_Name
      value: box1 (1)
      objectReference: {fileID: 0}
    - target: {fileID: 919132149155446097, guid: ca9ebf0d34b44bf45afe7825ca079eb9, type: 3}
      propertyPath: m_Layer
      value: 6
      objectReference: {fileID: 0}
    - target: {fileID: 919132149155446097, guid: ca9ebf0d34b44bf45afe7825ca079eb9, type: 3}
      propertyPath: m_StaticEditorFlags
      value: 4294967295
      objectReference: {fileID: 0}
    m_RemovedComponents: []
  m_SourcePrefab: {fileID: 100100000, guid: ca9ebf0d34b44bf45afe7825ca079eb9, type: 3}
--- !u!1 &5847668100881409345 stripped
GameObject:
  m_CorrespondingSourceObject: {fileID: 919132149155446097, guid: ca9ebf0d34b44bf45afe7825ca079eb9, type: 3}
  m_PrefabInstance: {fileID: 6766235085892376592}
  m_PrefabAsset: {fileID: 0}
--- !u!4 &6515802162186633211 stripped
Transform:
  m_CorrespondingSourceObject: {fileID: -8679921383154817045, guid: ca9ebf0d34b44bf45afe7825ca079eb9, type: 3}
  m_PrefabInstance: {fileID: 6766235085892376592}
  m_PrefabAsset: {fileID: 0}
--- !u!1001 &7592412019577166814
PrefabInstance:
  m_ObjectHideFlags: 0
  serializedVersion: 2
  m_Modification:
    m_TransformParent: {fileID: 847098006501349747}
    m_Modifications:
    - target: {fileID: 6539302627711172978, guid: 1a35199a8c571c44ab06557ec922b202, type: 3}
      propertyPath: m_RootOrder
      value: 5
      objectReference: {fileID: 0}
    - target: {fileID: 6539302627711172978, guid: 1a35199a8c571c44ab06557ec922b202, type: 3}
      propertyPath: m_LocalPosition.x
      value: 0.01
      objectReference: {fileID: 0}
    - target: {fileID: 6539302627711172978, guid: 1a35199a8c571c44ab06557ec922b202, type: 3}
      propertyPath: m_LocalPosition.y
      value: 0.1
      objectReference: {fileID: 0}
    - target: {fileID: 6539302627711172978, guid: 1a35199a8c571c44ab06557ec922b202, type: 3}
      propertyPath: m_LocalPosition.z
      value: -0.74
      objectReference: {fileID: 0}
    - target: {fileID: 6539302627711172978, guid: 1a35199a8c571c44ab06557ec922b202, type: 3}
      propertyPath: m_LocalRotation.w
      value: 1
      objectReference: {fileID: 0}
    - target: {fileID: 6539302627711172978, guid: 1a35199a8c571c44ab06557ec922b202, type: 3}
      propertyPath: m_LocalRotation.x
      value: 0
      objectReference: {fileID: 0}
    - target: {fileID: 6539302627711172978, guid: 1a35199a8c571c44ab06557ec922b202, type: 3}
      propertyPath: m_LocalRotation.y
      value: 0
      objectReference: {fileID: 0}
    - target: {fileID: 6539302627711172978, guid: 1a35199a8c571c44ab06557ec922b202, type: 3}
      propertyPath: m_LocalRotation.z
      value: 0
      objectReference: {fileID: 0}
    - target: {fileID: 6539302627711172978, guid: 1a35199a8c571c44ab06557ec922b202, type: 3}
      propertyPath: m_LocalEulerAnglesHint.x
      value: 0
      objectReference: {fileID: 0}
    - target: {fileID: 6539302627711172978, guid: 1a35199a8c571c44ab06557ec922b202, type: 3}
      propertyPath: m_LocalEulerAnglesHint.y
      value: 0
      objectReference: {fileID: 0}
    - target: {fileID: 6539302627711172978, guid: 1a35199a8c571c44ab06557ec922b202, type: 3}
      propertyPath: m_LocalEulerAnglesHint.z
      value: 0
      objectReference: {fileID: 0}
    - target: {fileID: 6539302627711172979, guid: 1a35199a8c571c44ab06557ec922b202, type: 3}
      propertyPath: m_Name
      value: CoverSpot
      objectReference: {fileID: 0}
    m_RemovedComponents: []
  m_SourcePrefab: {fileID: 100100000, guid: 1a35199a8c571c44ab06557ec922b202, type: 3}
--- !u!4 &3719392297969605292 stripped
Transform:
  m_CorrespondingSourceObject: {fileID: 6539302627711172978, guid: 1a35199a8c571c44ab06557ec922b202, type: 3}
  m_PrefabInstance: {fileID: 7592412019577166814}
  m_PrefabAsset: {fileID: 0}
--- !u!1001 &7838058736233995104
PrefabInstance:
  m_ObjectHideFlags: 0
  serializedVersion: 2
  m_Modification:
    m_TransformParent: {fileID: 847098006501349747}
    m_Modifications:
    - target: {fileID: -8679921383154817045, guid: ffc2ef068b70c764db13f22287d863fb, type: 3}
      propertyPath: m_RootOrder
      value: 4
      objectReference: {fileID: 0}
    - target: {fileID: -8679921383154817045, guid: ffc2ef068b70c764db13f22287d863fb, type: 3}
      propertyPath: m_LocalScale.x
      value: 2
      objectReference: {fileID: 0}
    - target: {fileID: -8679921383154817045, guid: ffc2ef068b70c764db13f22287d863fb, type: 3}
      propertyPath: m_LocalScale.y
      value: 1
      objectReference: {fileID: 0}
    - target: {fileID: -8679921383154817045, guid: ffc2ef068b70c764db13f22287d863fb, type: 3}
      propertyPath: m_LocalScale.z
      value: 2
      objectReference: {fileID: 0}
    - target: {fileID: -8679921383154817045, guid: ffc2ef068b70c764db13f22287d863fb, type: 3}
      propertyPath: m_LocalPosition.x
      value: -0.864
      objectReference: {fileID: 0}
    - target: {fileID: -8679921383154817045, guid: ffc2ef068b70c764db13f22287d863fb, type: 3}
      propertyPath: m_LocalPosition.y
      value: 0.594
      objectReference: {fileID: 0}
    - target: {fileID: -8679921383154817045, guid: ffc2ef068b70c764db13f22287d863fb, type: 3}
      propertyPath: m_LocalPosition.z
      value: -0.367
      objectReference: {fileID: 0}
    - target: {fileID: -8679921383154817045, guid: ffc2ef068b70c764db13f22287d863fb, type: 3}
      propertyPath: m_LocalRotation.w
      value: 0.80589724
      objectReference: {fileID: 0}
    - target: {fileID: -8679921383154817045, guid: ffc2ef068b70c764db13f22287d863fb, type: 3}
      propertyPath: m_LocalRotation.x
      value: -0
      objectReference: {fileID: 0}
    - target: {fileID: -8679921383154817045, guid: ffc2ef068b70c764db13f22287d863fb, type: 3}
      propertyPath: m_LocalRotation.y
      value: -0.5920555
      objectReference: {fileID: 0}
    - target: {fileID: -8679921383154817045, guid: ffc2ef068b70c764db13f22287d863fb, type: 3}
      propertyPath: m_LocalRotation.z
      value: -0
      objectReference: {fileID: 0}
    - target: {fileID: -8679921383154817045, guid: ffc2ef068b70c764db13f22287d863fb, type: 3}
      propertyPath: m_LocalEulerAnglesHint.x
      value: 0
      objectReference: {fileID: 0}
    - target: {fileID: -8679921383154817045, guid: ffc2ef068b70c764db13f22287d863fb, type: 3}
      propertyPath: m_LocalEulerAnglesHint.y
      value: -72.606
      objectReference: {fileID: 0}
    - target: {fileID: -8679921383154817045, guid: ffc2ef068b70c764db13f22287d863fb, type: 3}
      propertyPath: m_LocalEulerAnglesHint.z
      value: 0
      objectReference: {fileID: 0}
    - target: {fileID: 919132149155446097, guid: ffc2ef068b70c764db13f22287d863fb, type: 3}
      propertyPath: m_Name
      value: box2 (1)
      objectReference: {fileID: 0}
    - target: {fileID: 919132149155446097, guid: ffc2ef068b70c764db13f22287d863fb, type: 3}
      propertyPath: m_Layer
      value: 6
      objectReference: {fileID: 0}
    - target: {fileID: 919132149155446097, guid: ffc2ef068b70c764db13f22287d863fb, type: 3}
      propertyPath: m_StaticEditorFlags
      value: 4294967295
      objectReference: {fileID: 0}
    m_RemovedComponents: []
  m_SourcePrefab: {fileID: 100100000, guid: ffc2ef068b70c764db13f22287d863fb, type: 3}
--- !u!1 &6919509477491402289 stripped
GameObject:
  m_CorrespondingSourceObject: {fileID: 919132149155446097, guid: ffc2ef068b70c764db13f22287d863fb, type: 3}
  m_PrefabInstance: {fileID: 7838058736233995104}
  m_PrefabAsset: {fileID: 0}
--- !u!4 &7731793915524856971 stripped
Transform:
  m_CorrespondingSourceObject: {fileID: -8679921383154817045, guid: ffc2ef068b70c764db13f22287d863fb, type: 3}
  m_PrefabInstance: {fileID: 7838058736233995104}
  m_PrefabAsset: {fileID: 0}
--- !u!1001 &8949461655002546564
PrefabInstance:
  m_ObjectHideFlags: 0
  serializedVersion: 2
  m_Modification:
    m_TransformParent: {fileID: 847098006501349747}
    m_Modifications:
    - target: {fileID: 6539302627711172978, guid: 1a35199a8c571c44ab06557ec922b202, type: 3}
      propertyPath: m_RootOrder
      value: 7
      objectReference: {fileID: 0}
    - target: {fileID: 6539302627711172978, guid: 1a35199a8c571c44ab06557ec922b202, type: 3}
      propertyPath: m_LocalPosition.x
      value: -0.874
      objectReference: {fileID: 0}
    - target: {fileID: 6539302627711172978, guid: 1a35199a8c571c44ab06557ec922b202, type: 3}
      propertyPath: m_LocalPosition.y
      value: 0.1
      objectReference: {fileID: 0}
    - target: {fileID: 6539302627711172978, guid: 1a35199a8c571c44ab06557ec922b202, type: 3}
      propertyPath: m_LocalPosition.z
      value: 0.641
      objectReference: {fileID: 0}
    - target: {fileID: 6539302627711172978, guid: 1a35199a8c571c44ab06557ec922b202, type: 3}
      propertyPath: m_LocalRotation.w
      value: 1
      objectReference: {fileID: 0}
    - target: {fileID: 6539302627711172978, guid: 1a35199a8c571c44ab06557ec922b202, type: 3}
      propertyPath: m_LocalRotation.x
      value: 0
      objectReference: {fileID: 0}
    - target: {fileID: 6539302627711172978, guid: 1a35199a8c571c44ab06557ec922b202, type: 3}
      propertyPath: m_LocalRotation.y
      value: 0
      objectReference: {fileID: 0}
    - target: {fileID: 6539302627711172978, guid: 1a35199a8c571c44ab06557ec922b202, type: 3}
      propertyPath: m_LocalRotation.z
      value: 0
      objectReference: {fileID: 0}
    - target: {fileID: 6539302627711172978, guid: 1a35199a8c571c44ab06557ec922b202, type: 3}
      propertyPath: m_LocalEulerAnglesHint.x
      value: 0
      objectReference: {fileID: 0}
    - target: {fileID: 6539302627711172978, guid: 1a35199a8c571c44ab06557ec922b202, type: 3}
      propertyPath: m_LocalEulerAnglesHint.y
      value: 0
      objectReference: {fileID: 0}
    - target: {fileID: 6539302627711172978, guid: 1a35199a8c571c44ab06557ec922b202, type: 3}
      propertyPath: m_LocalEulerAnglesHint.z
      value: 0
      objectReference: {fileID: 0}
    - target: {fileID: 6539302627711172979, guid: 1a35199a8c571c44ab06557ec922b202, type: 3}
      propertyPath: m_Name
      value: CoverSpot (2)
      objectReference: {fileID: 0}
    m_RemovedComponents: []
  m_SourcePrefab: {fileID: 100100000, guid: 1a35199a8c571c44ab06557ec922b202, type: 3}
--- !u!4 &2806475816058798326 stripped
Transform:
  m_CorrespondingSourceObject: {fileID: 6539302627711172978, guid: 1a35199a8c571c44ab06557ec922b202, type: 3}
  m_PrefabInstance: {fileID: 8949461655002546564}
  m_PrefabAsset: {fileID: 0}
